2640 4410
535 749 742 834 IIIHALI.

253 975 410 1040 Rinleitung.

564 1126 653 1189 Liber
673 1127 696 1187 I.

1107 1211 1168 1253 Seite

253 1259 378 1325 Prologus
407 1301 1097 1316 .................
1153 1269 1164 1317 l

202 1330 219 1379 I.
255 1330 342 1397 Lupus
354 1337 382 1381 et
392 1347 471 1396 agnus
494 1370 1096 1384 ...............
1149 1336 1167 1384 2

192 1398 220 1448 II.
255 1397 340 1449 Ranae
352 1414 437 1463 regem
448 1401 581 1468 petierunt
622 1439 1097 1453 ............
1149 1405 1166 1452 4

180 1465 219 1516 III.
255 1467 381 1518 Graculus
393 1468 516 1535 superbus
528 1476 556 1519 et
565 1484 633 1534 pavo
664 1507 1096 1522 ...........
1151 1473 1165 1520 7

170 1531 219 1584 IIII.
255 1534 332 1586 Canis
345 1551 389 1602 per
400 1537 504 1587 fluvium
517 1534 716 1589 carnemferons
749 1576 756 1601 ,
792 1577 798 1587 .
829 1539 834 1545 ’
834 1576 1096 1589 .......
1150 1540 1167 1588 9

189 1602 220 1653 V.
255 1604 348 1671 νιοβε,
361 1604 467 1671 capella,
480 1606 538 1657 ovis
550 1613 578 1656 et
589 1604 630 1656 leo
664 1644 1095 1657 ...........
1134 1609 1166 1658 10

179 1670 220 1721 VI.
256 1671 340 1724 Ranae
353 1672 476 1723 adsolem
494 1711 1096 1725 ...............
1135 1675 1163 1723 11

168 1738 222 1791 VII.
257 1741 354 1808 Vulpes
366 1742 397 1792 ad
409 1757 543 1807 personam
553 1743 677 1806 ungium
705 1779 1096 1793 ..........
1136 1743 1166 1793 12

159 1805 222 1859 VIII.
257 1809 343 1875 Lupus
357 1817 383 1860 et
394 1811 467 1872 gruis
494 1847 1097 1862 ...............
1136 1810 1167 1862 13

147 1874 221 1927 VIIII.
256 1876 350 1928 Pauor
361 1879 393 1928 ad
405 1879 518 1943 leporem
531 1878 684 1947 consiliam
706 1915 1098 1929 ..........
1135 1880 1167 1930 14

185 1943 219 1995 X.
255 1944 379 2012 Lupuset
392 1945 482 2012 vulpes
491 1945 580 2010 judice
593 1947 668 1999 simio
702 1983 1097 1997 ..........
1135 1946 1166 1996 15

177 2011 221 2062 XI.
256 2013 351 2064 Asinus
364 2022 391 2065 ot
402 2015 443 2065 leo
457 2023 580 2066 venantes
619 2051 1097 2065 ............
1135 2015 1167 2067 16

169 2079 224 2131 XII.
261 2081 359 2132 Cervus
370 2083 403 2133 ad
414 2081 509 2134 fontem
532 2119 1097 2134 ..............
1135 2084 1165 2131 ΙἹ

152 2147 219 2199 ΧΙΙΙ.
257 2150 352 2216 Vulpes
364 2158 392 2201 et
403 2166 496 2202 corvus
535 2188 1097 2202 ..............
1136 2150 1167 2200 18

146 2214 223 2268 XIIII.
258 2217 299 2269 Ex
310 2226 398 2269 sutore
409 2220 522 2269 medicus
535 2255 1097 2270 ..............
1136 2218 1168 2269 19

165 2285 223 2337 XV.
257 2286 352 2337 Asinus
364 2288 397 2338 ad
408 2303 493 2338 senem
504 2295 633 2354 pastorem
663 2325 1098 2338 ...........
1134 2287 1165 2339 21

153 2352 221 2405 XVI.
258 2354 330 2418 Ovis,
343 2370 435 2406 cervus
447 2363 474 2406 et
486 2356 560 2423 lupus
579 2393 1097 2407 .............
1133 2354 1168 2406 22

148 2421 227 2474 XVII.
263 2423 335 2490 Ovis,
347 2423 416 2474 oanis
429 2431 455 2474 et
466 2425 541 2490 lupus
579 2461 1097 2474 .............
1133 2422 1166 2472 23

132 2488 223 2542 XVIII.
252 2490 374 2557 (XVIIII).
409 2492 486 2543 Canis
497 2493 644 2559 parturiens
663 2529 1053 2542 ..........
1070 2503 1097 2540 ·.
1134 2489 1168 2540 24

124 2557 223 2611 XVIIII.
296 2560 376 2623 (XX).
412 2561 494 2612 Canes
507 2560 619 2611 InmeIici
663 2596 1097 2610 ...........
1133 2557 1167 2608 25

160 2626 220 2678 XX.
285 2627 378 2693 (XXI).
413 2629 466 2679 Leo
478 2643 564 2691 senex,
577 2644 646 2695 aper,
657 2636 748 2679 nurus
761 2635 788 2678 et
799 2626 886 2677 asinus
920 2664 1097 2677 .....
1134 2626 1167 2678 26

151 2694 222 2746 XXI.
274 2695 378 2759 (XXII),
413 2697 524 2748 Mustela
536 2704 563 2747 et
574 2697 647 2747 homo
664 2733 1097 2747 ...........
1133 2694 1165 2745 27

140 2761 222 2813 XXII.
269 2764 381 2827 (XXIII).
417 2764 589 2815 Cunisfldeliu
621 2802 1096 2815 ............
1134 2761 1166 2812 28

130 2829 223 2881 XXIII.
257 2832 380 2895 (XXIIII).
416 2831 669 2900 Ranampuetbos
706 2870 1097 2884 ..........
1133 2831 1167 2881 29

58 2930 60 2937 ·
117 2898 222 2951 XXIIII.
275 2901 380 2965 (XXV).
415 2902 496 2965 Canes
509 2901 671 2952 etcorcodili
707 2938 1096 2951 ..........
1133 2899 1168 2948 30

136 2966 221 3020 XXV.
262 2968 379 3032 (XXVI).
413 2971 509 3037 Vulpes
522 2969 662 3021 etcieonia
707 3006 1096 3019 ..........
1133 2967 1164 3016 31

128 3033 224 3088 XXVI.
243 3035 380 3100 (XXVIII).
415 3039 510 3105 Vulpes
523 3045 550 3088 et
562 3038 648 3103 aquila
704 3073 1096 3088 ..........
1132 3035 1166 3085 32

113 3102 219 3155 XXVII.
269 3104 379 3169 (XXX).
415 3105 500 3157 Ranae
512 3114 655 3158 metuentes
666 3112 798 3156 taurorum
811 3105 911 3172 proelia
922 3141 1097 3154 .....
1133 3104 1168 3152 33

101 3169 218 3222 XXVIII.
260 3172 378 3237 (XXXI).
412 3174 507 3224 Miluus
519 3182 547 3225 et
559 3173 688 3225 columbae
708 3211 1097 3225 ..........
1133 3172 1168 3221 34

558 3327 648 3389 Liber
670 3328 706 3388 II.

202 3443 220 3495 I.
255 3445 386 3510 Iuvencus,
398 3447 439 3497 leo
453 3455 480 3498 et
491 3448 628 3513 praedator
664 3485 670 3497 .
707 3485 738 3502 .,
750 3483 1097 3498 .........
1133 3445 1166 3494 35

193 3511 222 3563 11.
259 3513 318 3578 (ΠΙ).
352 3515 468 3581 Aesopus
480 3516 512 3567 ad
524 3516 646 3583 quendum
658 3515 689 3566 de
701 3531 822 3567 successu
833 3513 1004 3580 Inproborum
1049 3551 1054 3562 .
1091 3551 1097 3562 .
1133 3513 1168 3562 37

182 3579 221 3631 III.
250 3579 324 3645 (ΠΗ).
358 3583 461 3649 Aquila,
473 3583 537 3634 feles
550 3591 576 3634 et
588 3600 649 3651 aper
666 3618 1097 3634 ...........
1134 3581 1167 3631 37

170 3646 219 3700 IIII.
267 3650 320 3713 (V).
355 3651 652 3704 CaesanIAtrionuem
706 3687 1096 3702 ..........
1133 3650 1167 3699 39

186 3717 217 3768 V.
254 3717 319 3782 (VI).
356 3719 447 3784 Aquiln
462 3726 489 3769 et
501 3721 590 3770 cornix
622 3758 627 3770 .
664 3757 670 3769 .
707 3757 713 3768 .
749 3720 784 3769 .'
792 3756 1096 3770 ........
1132 3718 1168 3767 42

177 3785 218 3838 VI.
249 3785 322 3849 (VII).
358 3786 483 3837 Muliduo
497 3788 652 3853 etr'aptores
704 3824 1096 3838 ..........
1132 3786 1165 3835 43

164 3853 216 3906 VII.
236 3850 320 3919 (VIII).
356 3856 454 3906 Cervus
467 3855 588 3906 adbovos
618 3891 1096 3905 ............
1132 3854 1166 3903 44
